<?xml version='1.0' encoding='utf-8'?>
<record xmlns="http://www.loc.gov/MARC21/slim" xmlns:xsi="http://www.w3.org/2001/XMLSchema-instance">
  <leader>^^^^^njm^a2200301^a^4500</leader>
  <controlfield tag="001">003188724</controlfield>
  <controlfield tag="005">19971020000000.0</controlfield>
  <controlfield tag="007">sdufsngnn-----</controlfield>
  <controlfield tag="008">971020s1993^^^^mnuzzn^^^^^^^^^^^^^^N/A^d</controlfield>
  <datafield tag="020" ind1=" " ind2=" ">
    <subfield code="a">0960906479 :</subfield>
    <subfield code="c">$24.95</subfield>
  </datafield>
  <datafield tag="028" ind1="0" ind2="2">
    <subfield code="a">BS 0325</subfield>
    <subfield code="b">Bluestem Productions</subfield>
  </datafield>
  <datafield tag="035" ind1=" " ind2=" ">
    <subfield code="a">(OCoLC)ocm32537076</subfield>
  </datafield>
  <datafield tag="040" ind1=" " ind2=" ">
    <subfield code="a">EXR</subfield>
    <subfield code="c">EXR</subfield>
    <subfield code="d">BEU</subfield>
  </datafield>
  <datafield tag="100" ind1="1" ind2=" ">
    <subfield code="a">Olsenius, Richard,</subfield>
    <subfield code="d">1946-</subfield>
  </datafield>
  <datafield tag="245" ind1="1" ind2="0">
    <subfield code="a">Distant shores</subfield>
    <subfield code="h">[sound recording] :</subfield>
    <subfield code="b">music for the Great Lakes /</subfield>
    <subfield code="c">Richard Olsenius.</subfield>
  </datafield>
  <datafield tag="260" ind1=" " ind2=" ">
    <subfield code="a">Two Harbors, Minn. :</subfield>
    <subfield code="b">Bluestem Productions,</subfield>
    <subfield code="c">c1993.</subfield>
  </datafield>
  <datafield tag="300" ind1=" " ind2=" ">
    <subfield code="a">1 sound disc :</subfield>
    <subfield code="b">digital ;</subfield>
    <subfield code="c">4 3/4 in.</subfield>
  </datafield>
  <datafield tag="500" ind1=" " ind2=" ">
    <subfield code="a">Compact disc (ADD).</subfield>
  </datafield>
  <datafield tag="511" ind1="0" ind2=" ">
    <subfield code="a">Composed and produced by Richard Olsenius.</subfield>
  </datafield>
  <datafield tag="500" ind1=" " ind2=" ">
    <subfield code="a">With: Distant shores : photographs from Lake Superior and Lake Michigan.</subfield>
  </datafield>
  <datafield tag="500" ind1=" " ind2=" ">
    <subfield code="a">Program notes on container insert.</subfield>
  </datafield>
  <datafield tag="505" ind1="0" ind2=" ">
    <subfield code="a">A distant shore (5:35) -- The sleeping giant (4:08) -- Winter forest (4:39) -- Upbound (3:55) -- Above the shore (4:00) -- Aerial view (2:04) -- Wolf moon (3:55) -- Steel town (3:28) -- Autumn guitar (6:48) -- Beyond the Sault (4:10) -- From within a fog (5:38).</subfield>
  </datafield>
  <datafield tag="650" ind1=" " ind2="0">
    <subfield code="a">New Age music.</subfield>
  </datafield>
  <datafield tag="651" ind1=" " ind2="0">
    <subfield code="a">Great Lakes (North America)</subfield>
    <subfield code="x">Songs and music.</subfield>
  </datafield>
  <datafield tag="852" ind1="8" ind2=" ">
    <subfield code="a">MiU-H</subfield>
    <subfield code="b">BENT</subfield>
    <subfield code="h">97109 Aa 2</subfield>
  </datafield>
  <datafield tag="998" ind1=" " ind2=" ">
    <subfield code="c">LAC</subfield>
  </datafield>
  <datafield tag="955" ind1=" " ind2=" ">
    <subfield code="b">BENT</subfield>
    <subfield code="p">B1219500</subfield>
  </datafield>
</record>
